@misc{nakamoto2008bitcoin,
  title={Bitcoin: A peer-to-peer electronic cash system},
  author={Nakamoto, Satoshi},
  year={2008}
}

@inproceedings{eyal2014majority,
  title={Majority is not enough: Bitcoin mining is vulnerable},
  author={Eyal, Ittay and Sirer, Emin G{\"u}n},
  booktitle={International Conference on Financial Cryptography and Data Security},
  pages={436--454},
  year={2014},
  organization={Springer}
}

@inproceedings{nayak2016stubborn,
  title={Stubborn mining: Generalizing selfish mining and combining with an eclipse attack},
  author={Nayak, Kartik and Kumar, Srijan and Miller, Andrew and Shi, Elaine},
  booktitle={Security and Privacy (EuroS\&P), 2016 IEEE European Symposium on},
  pages={305--320},
  year={2016},
  organization={IEEE}
}
@inproceedings{sapirshtein2016optimal,
  title={Optimal selfish mining strategies in bitcoin},
  author={Sapirshtein, Ayelet and Sompolinsky, Yonatan and Zohar, Aviv},
  booktitle={International Conference on Financial Cryptography and Data Security},
  pages={515--532},
  year={2016},
  organization={Springer}
}

@inproceedings{gervais2016security,
  title={On the security and performance of proof of work blockchains},
  author={Gervais, Arthur and Karame, Ghassan O and W{\"u}st, Karl and Glykantzis, Vasileios and Ritzdorf, Hubert and Capkun, Srdjan},
  booktitle={Proceedings of the 2016 ACM SIGSAC Conference on Computer and Communications Security},
  pages={3--16},
  year={2016},
  organization={ACM}
}

@article{fishman1978principles,
  title={Principles of discrete event simulation.[book review]},
  author={Fishman, George S},
  year={1978},
  publisher={John Wiley and Sons, New York, NY}
}

@article{billah2015one,
  title={One weird trick to stop selfish miners: Fresh bitcoins, a solution for the honest miner},
  author={Billah, Saki},
  year={2015}
}

@phdthesis{solat2016zeroblock,
  title={ZeroBlock: Preventing Selfish Mining in Bitcoin},
  author={Solat, Siamak and Potop-Butucaru, Maria},
  year={2016},
  school={Sorbonne Universit es, UPMC University of Paris 6}
}

@misc{MarketCap2017,
  title = {Bitcoin (BTC) market capitalization - {CryptoCurrency Market Capitalizations}},
  howpublished = {\url{https://coinmarketcap.com/currencies/bitcoin/}},
  note = {Accessed: 2017-06-21}
}

@misc{Coindesk2017,
  title = {Bitcoin (BTC) market capitalization - {Coindesk}},
  howpublished = {\url{http://www.coindesk.com/data/bitcoin-market-capitalization/}},
  note = {Accessed: 2017-06-21}
}


