@misc{marketcap2017,
  key = {MarketCap},
  title = {CryptoCurrency Market Capitalizations},
  howpublished = {\url{https://coinmarketcap.com/}},
  note = {Accessed: 2018-02-01}
}

@misc{bitcoin,
  key = {bitcoin},
  title = {Bitcoin - Reference implementation of the Bitcoin protocol},
  howpublished = {\url{https://github.com/bitcoin/bitcoin}},
  note = {Accessed: 2018-02-01}
}

@misc{bip152,
  key = {bip152},
  title = {Bitcoin BIP 152 - Compact Block Relay},
  howpublished = {\url{https://github.com/bitcoin/bips/blob/master/bip-0152.mediawiki}},
  note = {Accessed: 2018-02-01}
}

@misc{bitcoinbip,
  key = {bitcoinbip},
  title = {Bitcoin BIPs - Bitcoin improvment proposals},
  howpublished = {\url{https://github.com/bitcoin/bips}},
  note = {Accessed: 2018-06-21}
}

@misc{moby,
  key = {Moby Project},
  title = {Moby Project - An open framework to assemble specialized container systems without reinventing the wheel.},
  howpublished = {\url{https://mobyproject.org/}},
  note = {Accessed: 2018-02-01}
}

@misc{bytecoin2010,
  key = {ByteCoin},
  title = {User ByteCoin on the Mining cartel attack},
  howpublished = {\url{https://bitcointalk.org/index.php?topic=2227.msg30064#msg30064}},
  note = {Accessed: 2018-02-01}
}

@misc{bitcointalk2010,
  key = {BitcoinTalk},
  title = {Thread about Mining cartel attack on bitcointalk},
  howpublished = {\url{https://bitcointalk.org/index.php?topic=2227.0}},
  note = {Accessed: 2018-02-01}
}

@misc{unifromtiebreakingethereum,
  key = {unifromtiebreakingethereum},
  title = {Release of uniform tie breaking in Ethereum},
  howpublished = {\url{https://github.com/ethereum/go-ethereum/commit/bcf565730b1816304947021080981245d084a930}},
  note = {Accessed: 2018-02-01}
}

@misc{blockchaininfopools,
  key = {blockchaininfopools},
  title = {Bitcoin Hashrate Distribution - Blockhchain.info},
  howpublished = {\url{
https://blockchain.info/en/pools}},
  note = {Accessed: 2018-02-01}
}

@misc{coindanceblocks,
  key = {coindanceblocks},
  title = {Coin Dance | Bitcoin Nodes Summary},
  howpublished = {\url{
https://coin.dance/blocks#thisweek}},
  note = {Accessed: 2018-02-01}
}

@misc{coindancenodes,
  key = {coindancenodes},
  title = {Coin Dance | Bitcoin Nodes Summary},
  howpublished = {\url{https://coin.dance/nodes}},
  note = {Accessed: 2018-02-01}
}

@misc{bitcointickerpools,
  key = {bitcointickerpools},
  title = {Bitcointicker - Charts},
  howpublished = {\url{https://charts.bitcointicker.co/#miningpools}},
  note = {Accessed: 2018-02-01}
}

@misc{bitcoin13,
  key = {bitcoin13},
  title = {Bitcoin - Reference implementation release 0.13.0},
  howpublished = {\url{https://github.com/bitcoin/bitcoin/releases/tag/v0.13.0
}},
  note = {Accessed: 2018-02-01}
}

@misc{bitcoin15,
  key = {bitcoin15},
  title = {Bitcoin - Reference implementation release 0.15.0.1},
  howpublished = {\url{https://github.com/bitcoin/bitcoin/releases/tag/v0.15.0.1
}},
  note = {Accessed: 2018-02-01}
}

@misc{pycoin,
  key = {pycoin},
  title = {Minimalistic python implementation of the Bitcoin networking stack},
  howpublished = {\url{https://github.com/cdecker/pycoin
}},
  note = {Accessed: 2018-02-01}
}

@misc{python-bitcoinlib,
  key = {python-bitcoinlib},
  title = {Python2/3 library providing an easy interface to the Bitcoin data structures and protocol.},
  howpublished = {\url{https://github.com/petertodd/python-bitcoinlib
}},
  note = {Accessed: 2018-02-01}
}

@misc{bitcoinunixdomainsockets,
  key = {bitcoinunixdomainsockets},
  title = {PR for Bitcoin: UNIX sockets support for RPC},
  howpublished = {\url{https://github.com/bitcoin/bitcoin/pull/9919
}},
  note = {Accessed: 2018-02-01}
}
